<record><leader>00000cas a2200000 a 4500</leader><controlfield tag="001">9238101</controlfield><controlfield tag="008">830218c18769999okuwr ne      0   a0eng c</controlfield><datafield ind1=" " ind2=" " tag="010"><subfield code="a">sn 83025074 </subfield></datafield><datafield ind1=" " ind2=" " tag="040"><subfield code="a">WIH</subfield><subfield code="b">eng</subfield><subfield code="c">WIH</subfield><subfield code="d">NPV</subfield><subfield code="d">AIP</subfield><subfield code="d">DLC</subfield><subfield code="d">NPY</subfield><subfield code="d">NJW</subfield><subfield code="d">NPV</subfield><subfield code="d">CNW</subfield><subfield code="d">ANU</subfield><subfield code="d">CNW</subfield><subfield code="d">OBN</subfield><subfield code="d">NVF</subfield><subfield code="d">NYS</subfield><subfield code="d">CUI</subfield><subfield code="d">OCLCQ</subfield><subfield code="d">OCLCF</subfield><subfield code="d">CUS</subfield><subfield code="d">DLC</subfield></datafield><datafield ind1="0" ind2=" " tag="022"><subfield code="a">2575-4289</subfield><subfield code="2">1</subfield></datafield><datafield ind1=" " ind2=" " tag="032"><subfield code="a">261620</subfield><subfield code="b">USPS</subfield></datafield><datafield ind1=" " ind2=" " tag="042"><subfield code="a">pcc</subfield><subfield code="a">nsdp</subfield></datafield><datafield ind1=" " ind2=" " tag="043"><subfield code="a">n-us-ok</subfield></datafield><datafield ind1="1" ind2="0" tag="050"><subfield code="a">ISSN RECORD</subfield></datafield><datafield ind1=" " ind2="4" tag="050"><subfield code="a">AN</subfield></datafield><datafield ind1="0" ind2=" " tag="130"><subfield code="a">Indian journal (Muskogee, Okla.)</subfield></datafield><datafield ind1=" " ind2="4" tag="222"><subfield code="a">The Indian journal</subfield></datafield><datafield ind1="1" ind2="4" tag="245"><subfield code="a">The Indian journal.</subfield></datafield><datafield ind1="3" ind2="0" tag="246"><subfield code="a">Journal</subfield></datafield><datafield ind1=" " ind2=" " tag="260"><subfield code="a">Muskogee, Creek Nation, Indian Territory [Okla.] :</subfield><subfield code="b">M.P. Roberts</subfield></datafield><datafield ind1=" " ind2=" " tag="300"><subfield code="a">v. ;</subfield><subfield code="c">57 cm.</subfield></datafield><datafield ind1=" " ind2=" " tag="310"><subfield code="a">Weekly</subfield></datafield><datafield ind1="1" ind2=" " tag="362"><subfield code="a">Vol. 1, no. 1 (May 13, 1876)-</subfield></datafield><datafield ind1=" " ind2=" " tag="500"><subfield code="a">Published in Eufaula, Indian Territory, [Okla.], Mar. 3, 1877-Sept. 27, 1878; May 1887-</subfield></datafield><datafield ind1=" " ind2=" " tag="500"><subfield code="a">Suspended publication Dec. 28, 1876-Mar. 15, 1877, and Mar. 30, 1887 to Apr. 28, 1887.</subfield></datafield><datafield ind1=" " ind2=" " tag="580"><subfield code="a">Daily eds. : Daily Indian journal (Muskogee, Okla.), 1876-&lt;&gt;, and: Daily Indian journal (Eufaula, Okla.), 1903-&lt;&gt;.</subfield></datafield><datafield ind1=" " ind2="0" tag="650"><subfield code="a">Creek Indians</subfield><subfield code="z">Oklahoma</subfield><subfield code="v">Newspapers.</subfield></datafield><datafield ind1=" " ind2="0" tag="650"><subfield code="a">Indians of North America</subfield><subfield code="z">Oklahoma</subfield><subfield code="v">Newspapers.</subfield></datafield><datafield ind1=" " ind2="0" tag="651"><subfield code="a">Eufaula (Okla.)</subfield><subfield code="v">Newspapers.</subfield></datafield><datafield ind1=" " ind2="0" tag="651"><subfield code="a">Muskogee (Okla.)</subfield><subfield code="v">Newspapers.</subfield></datafield><datafield ind1=" " ind2="0" tag="651"><subfield code="a">Indian Territory</subfield><subfield code="v">Newspapers.</subfield></datafield><datafield ind1=" " ind2="0" tag="651"><subfield code="a">McIntosh County (Okla.)</subfield><subfield code="v">Newspapers.</subfield></datafield><datafield ind1=" " ind2="0" tag="651"><subfield code="a">Muskogee County (Okla.)</subfield><subfield code="v">Newspapers.</subfield></datafield><datafield ind1=" " ind2="7" tag="650"><subfield code="a">Creek Indians.</subfield><subfield code="2">fast</subfield><subfield code="0">(OCoLC)fst00882705</subfield></datafield><datafield ind1=" " ind2="7" tag="650"><subfield code="a">Indians of North America.</subfield><subfield code="2">fast</subfield><subfield code="0">(OCoLC)fst00969633</subfield></datafield><datafield ind1=" " ind2="7" tag="651"><subfield code="a">Oklahoma.</subfield><subfield code="2">fast</subfield><subfield code="0">(OCoLC)fst01205031</subfield></datafield><datafield ind1=" " ind2="7" tag="651"><subfield code="a">Oklahoma</subfield><subfield code="z">Eufaula.</subfield><subfield code="2">fast</subfield><subfield code="0">(OCoLC)fst01224702</subfield></datafield><datafield ind1=" " ind2="7" tag="651"><subfield code="a">Oklahoma</subfield><subfield code="z">Indian Territory.</subfield><subfield code="2">fast</subfield><subfield code="0">(OCoLC)fst01225150</subfield></datafield><datafield ind1=" " ind2="7" tag="651"><subfield code="a">Oklahoma</subfield><subfield code="z">McIntosh County.</subfield><subfield code="2">fast</subfield><subfield code="0">(OCoLC)fst01219666</subfield></datafield><datafield ind1=" " ind2="7" tag="651"><subfield code="a">Oklahoma</subfield><subfield code="z">Muskogee.</subfield><subfield code="2">fast</subfield><subfield code="0">(OCoLC)fst01218306</subfield></datafield><datafield ind1=" " ind2="7" tag="651"><subfield code="a">Oklahoma</subfield><subfield code="z">Muskogee County.</subfield><subfield code="2">fast</subfield><subfield code="0">(OCoLC)fst01218307</subfield></datafield><datafield ind1=" " ind2="7" tag="655"><subfield code="a">Newspapers.</subfield><subfield code="2">fast</subfield><subfield code="0">(OCoLC)fst01423814</subfield></datafield><datafield ind1=" " ind2=" " tag="752"><subfield code="a">United States</subfield><subfield code="b">Oklahoma</subfield><subfield code="c">McIntosh</subfield><subfield code="d">Eufaula.</subfield></datafield><datafield ind1=" " ind2=" " tag="752"><subfield code="a">United States</subfield><subfield code="b">Oklahoma</subfield><subfield code="c">Muskogee</subfield><subfield code="d">Muskogee.</subfield></datafield><datafield ind1="1" ind2=" " tag="775"><subfield code="t">Daily Indian journal (Muskogee, Okla.)</subfield><subfield code="w">(DLC)sn 83025046</subfield><subfield code="w">(OCoLC)9226822</subfield></datafield><datafield ind1="1" ind2=" " tag="775"><subfield code="t">Daily Indian journal (Eufaula, Okla.)</subfield><subfield code="w">(DLC)sn 96087901</subfield><subfield code="w">(OCoLC)34998711</subfield></datafield><datafield ind1="0" ind2="8" tag="776"><subfield code="i">Online version:</subfield><subfield code="t">Indian journal (Muskogee, Okla. : Online)</subfield><subfield code="w">(OCoLC)192107323</subfield></datafield><datafield ind1="4" ind2="1" tag="856"><subfield code="3">07/06/1895 to 07/06/1895</subfield><subfield code="u">http://infoweb.newsbank.com/?db=EANX&amp;s_browseRef=decades/11AEC96DDD0AB6FA/all.xml</subfield></datafield><datafield ind1="1" ind2=" " tag="029"><subfield code="a">AU@</subfield><subfield code="b">000020282386</subfield></datafield></record>